@phdthesis{jurkovic2021digitalizacija,
  title={Digitalizacija zvuka},
  author={Jurkovi{\'c}, Anamaria},
  year={2021},
  school={University of Zagreb. Faculty of Humanities and Social Sciences. Department~…}
}

@misc{10.17632/rwbs7645hg.1,
    author = {S. Filipović},
    year = {2022}, 
    title = {EMG data of the Myo Armband}, 
    howpublished= {Mendeley Data, V1, doi: 10.17632/rwbs7645hg.1},
}

@misc{10.17632/rwbs7645hg.2,
    author = {S. Filipović},
    year = {2022}, 
    title = {EMG data of the Myo Armband}, 
    howpublished= {Mendeley Data, V1, doi: 10.17632/rwbs7645hg.1},
}